@book{TAOCP,
  author    = {Donald E. Knuth},
  title     = {The Art of Computer Programming, Volume {I:} Fundamental Algorithms},
  publisher = {Addison-Wesley},
  year      = {1997},
  pages     = {418-420}
}