@article{Thurston,
  title={On Proof and Progress in Mathematics},
  author={William P. Thurston},
  journal={Bulletin of the American Mathematical Society},
  year={1994},
  volume={30},
  pages={161-177}
}

@article{Ramanujan,
  author    = {Gal Raayoni and
               George Pisha and
               Yahel Manor and
               Uri Mendlovic and
               Doron Haviv and
               Yaron Hadad and
               Ido Kaminer},
  title     = {The Ramanujan Machine: Automatically Generated Conjectures on Fundamental
               Constants},
  journal   = {CoRR},
  volume    = {abs/1907.00205},
  year      = {2019},
  url       = {http://arxiv.org/abs/1907.00205},
  eprinttype = {arXiv},
  eprint    = {1907.00205},
  timestamp = {Mon, 08 Jul 2019 14:12:33 +0200},
  biburl    = {https://dblp.org/rec/journals/corr/abs-1907-00205.bib},
  bibsource = {dblp computer science bibliography, https://dblp.org}
}

@phdthesis{Coq,
  TITLE = {{Verified Computing in Homological Algebra}},
  AUTHOR = {Spiwack, Arnaud},
  URL = {https://pastel.archives-ouvertes.fr/pastel-00605836},
  SCHOOL = {{Ecole Polytechnique X}},
  YEAR = {2011},
  MONTH = Mar,
  KEYWORDS = {formal proof ; Coq ; homology ; category ; cat{\'e}gorie ; homologie ; d{\'e}monstration formelle ; preuve formelle},
  TYPE = {Theses},
  PDF = {https://pastel.archives-ouvertes.fr/pastel-00605836/file/thesis.spiwack.pdf},
  HAL_ID = {pastel-00605836},
  HAL_VERSION = {v1},
}

@online{Anecdote1,
  author = {SpiceWorks Community},
  title = {Whole network goes down},
  year = 2018,
  url = {https://community.spiceworks.com/topic/2125860-whole-network-goes-down},
  urldate = {2022-05-28}
}
@online{Anecdote2,
  author = {Cisco Community},
  title = {Loop brought down whole network},
  year = 2009,
  url = {https://community.cisco.com/t5/switching/loop-braught-down-whole-network/td-p/1325507},
  urldate = {2022-05-28}
}
@online{lbd-hp,
  author = {HP},
  title = {
HPE A-Series Switches - How to Configure Loopback Detection},
  year = 2022,
  url = {https://support.hpe.com/hpesc/public/docDisplay?docId=emr_na-c03529362},
  urldate = {2022-05-28}
}
@online{lbd-cisco,
  author = {Om Kumar},
  title = {
Preventing Network Loops! A Feature You Need to be Aware of},
  year = 2021,
  url = {https://blogs.cisco.com/networking/preventing-network-loops-a-feature-you-need-to-be-aware-of},
  urldate = {2022-05-28}
}
